<record><leader>00000cas a2200000 i 4500</leader><controlfield tag="001">880942773</controlfield><controlfield tag="006">m     o  d        </controlfield><controlfield tag="007">cr |||||||||||</controlfield><controlfield tag="008">140604d18591907pauwr neo     0   a0eng  </controlfield><datafield ind1=" " ind2=" " tag="010"><subfield code="a">  2014218394</subfield></datafield><datafield ind1=" " ind2=" " tag="040"><subfield code="a">DLC</subfield><subfield code="b">eng</subfield><subfield code="e">rda</subfield><subfield code="c">DLC</subfield></datafield><datafield ind1="0" ind2=" " tag="022"><subfield code="a">2373-3837</subfield><subfield code="2">1</subfield></datafield><datafield ind1="1" ind2=" " tag="029"><subfield code="a">NZ1</subfield><subfield code="b">15700248</subfield></datafield><datafield ind1=" " ind2=" " tag="042"><subfield code="a">pcc</subfield><subfield code="a">nsdp</subfield></datafield><datafield ind1=" " ind2=" " tag="043"><subfield code="a">n-us-pa</subfield></datafield><datafield ind1="1" ind2="0" tag="050"><subfield code="a">ISSN RECORD</subfield></datafield><datafield ind1="0" ind2="0" tag="082"><subfield code="a">071</subfield><subfield code="2">23</subfield></datafield><datafield ind1="0" ind2=" " tag="130"><subfield code="a">Danville intelligencer (Danville, Pa. : 1859 : Online)</subfield></datafield><datafield ind1=" " ind2="0" tag="222"><subfield code="a">Danville intelligencer</subfield><subfield code="b">(Danville, Pa. 1859. Online)</subfield></datafield><datafield ind1="1" ind2="0" tag="245"><subfield code="a">Danville intelligencer.</subfield></datafield><datafield ind1=" " ind2="1" tag="264"><subfield code="a">Danville, Montour County, Pa. :</subfield><subfield code="b">D. Aust Lutz,</subfield><subfield code="c">-1907.</subfield></datafield><datafield ind1=" " ind2=" " tag="300"><subfield code="a">1 online resource</subfield></datafield><datafield ind1=" " ind2=" " tag="310"><subfield code="a">Weekly</subfield></datafield><datafield ind1=" " ind2=" " tag="336"><subfield code="a">text</subfield><subfield code="b">txt</subfield><subfield code="2">rdacontent</subfield></datafield><datafield ind1=" " ind2=" " tag="337"><subfield code="a">computer</subfield><subfield code="b">c</subfield><subfield code="2">rdamedia</subfield></datafield><datafield ind1=" " ind2=" " tag="338"><subfield code="a">online resource</subfield><subfield code="b">cr</subfield><subfield code="2">rdacarrier</subfield></datafield><datafield ind1="1" ind2=" " tag="362"><subfield code="a">Began January 7, 1859; ceased with volume 78, number [24] (March 15, 1907).</subfield></datafield><datafield ind1=" " ind2=" " tag="500"><subfield code="a">Published every Friday morning.</subfield></datafield><datafield ind1=" " ind2=" " tag="500"><subfield code="a">Democratic. Cf. Rowell, 1869.</subfield></datafield><datafield ind1=" " ind2=" " tag="500"><subfield code="a">Publishers: J.P. Sanders, &lt;January 7, 1859&gt;; Thomas Chalfant, &lt;Jan. 7, 1876&gt;; D. Aust Lutz, &lt;June 17, 1904-March 15, 1907&gt;.</subfield></datafield><datafield ind1=" " ind2=" " tag="500"><subfield code="a">Editor: Thomas Chalfant, &lt;1876&gt;.</subfield></datafield><datafield ind1=" " ind2=" " tag="588"><subfield code="a">Description based on: Vol. LXXV, no. 31 (June 17, 1904) (Chroniclingamerica.loc.gov, viewed June 4, 2014).</subfield></datafield><datafield ind1=" " ind2=" " tag="588"><subfield code="a">Latest issue consulted: Volume 78, number [24] (March 15, 1907) (Chroniclingamerica.loc.gov, viewed June 4, 2014).</subfield></datafield><datafield ind1=" " ind2="0" tag="651"><subfield code="a">Danville (Pa.)</subfield><subfield code="v">Newspapers.</subfield></datafield><datafield ind1=" " ind2="0" tag="651"><subfield code="a">Montour County (Pa.)</subfield><subfield code="v">Newspapers.</subfield></datafield><datafield ind1=" " ind2="7" tag="651"><subfield code="a">Pennsylvania</subfield><subfield code="z">Danville.</subfield><subfield code="2">fast</subfield><subfield code="0">(OCoLC)fst01221925</subfield></datafield><datafield ind1=" " ind2="7" tag="651"><subfield code="a">Pennsylvania</subfield><subfield code="z">Montour County.</subfield><subfield code="2">fast</subfield><subfield code="0">(OCoLC)fst01208234</subfield></datafield><datafield ind1=" " ind2="7" tag="655"><subfield code="a">Newspapers.</subfield><subfield code="2">fast</subfield><subfield code="0">(OCoLC)fst01423814</subfield></datafield><datafield ind1=" " ind2=" " tag="752"><subfield code="a">United States</subfield><subfield code="b">Pennsylvania</subfield><subfield code="c">Montour</subfield><subfield code="d">Danville.</subfield></datafield><datafield ind1="0" ind2="8" tag="776"><subfield code="i">Originally issued in print:</subfield><subfield code="t">Danville intelligencer (Danville, Pa. : 1859)</subfield><subfield code="x">2373-3829</subfield><subfield code="w">(DLC)sn 86053369</subfield><subfield code="w">(OCoLC)13545200</subfield></datafield><datafield ind1="0" ind2="0" tag="780"><subfield code="t">Danville intelligencer, and Montour County advertiser (Online)</subfield></datafield><datafield ind1="4" ind2="0" tag="856"><subfield code="u">http://www.loc.gov/chroniclingamerica/lccn/sn86053369/issues</subfield></datafield></record>